
%Journal articles;
@ARTICLE{4550695, 
author={Huynh-Thu, Q. and Ghanbari, M.}, 
journal={Electronics Letters}, 
title={Scope of validity of PSNR in image/video quality assessment}, 
year={2008}, 
month={June}, 
volume={44}, 
number={13}, 
pages={800-801}, 
keywords={video codecs;video signal processing;PSNR;codec;image/video quality assessment;peak signal-to-noise ratio;video contents}, 
doi={10.1049/el:20080522}, 
ISSN={0013-5194},}

@incollection{Girod:1993:WWM:197765.197784,
 author = {Girod, Bernd},
 chapter = {What's Wrong with Mean-squared Error?},
 title = {Digital Images and Human Vision},
 editor = {Watson, Andrew B.},
 year = {1993},
 isbn = {0-262-23171-9},
 pages = {207--220},
 numpages = {14},
 url = {http://dl.acm.org/citation.cfm?id=197765.197784},
 acmid = {197784},
 publisher = {MIT Press},
 address = {Cambridge, MA, USA},
} 


@article{sobelFilterGPU,
   title={Performance Analysis of Sobel Edge Filter on Heterogeneous System Using OpenCL},
   author={Dore, Aruna and Lasrado, Sunitha},
   journal={International Journal of Research in Engineering and Technology (IJRET)},
   year={2014},
   volume={3},
   pages={53-57},
}

@ARTICLE{5710601, 
author={Chikkerur, S. and Sundaram, V. and Reisslein, M. and Karam, L.J.}, 
journal={Broadcasting, IEEE Transactions on}, 
title={Objective Video Quality Assessment Methods: A Classification, Review, and Performance Comparison}, 
year={2011}, 
month={June}, 
volume={57}, 
number={2}, 
pages={165-182}, 
keywords={computational complexity;frequency-domain analysis;high definition video;image classification;image motion analysis;image resolution;spatiotemporal phenomena;video signal processing;visual databases;visual perception;LIVE video quality database;MS-SSIM;VQM;computational complexity;full-reference media-layer objective video quality assessment method;high definition video;motion-based video integrity evaluation;multiscale-structural similarity index;natural visual characteristics subclassification;natural visual feature;natural visual statistics;perceptual characteristics;perceptual spatiotemporal frequency-domain method;pixel-domain method;reduced-reference media-layer objective video quality assessment method;video classification;video quality metric;video resolution;Computational modeling;Measurement;Predictive models;Quality assessment;Streaming media;Video sequences;Visualization;Full-reference metric;objective video quality;perceptual video quality;reduced-reference metric}, 
doi={10.1109/TBC.2011.2104671}, 
ISSN={0018-9316},}

% CONFERENCES
@INPROCEEDINGS{6065713, 
author={Staelens, N. and Sedano, I. and Barkowsky, M. and Janowski, L. and Brunnstrom, K. and Le Callet, P.}, 
booktitle={Quality of Multimedia Experience (QoMEX), 2011 Third International Workshop on}, 
title={Standardized toolchain and model development for video quality assessment \# x2014; The mission of the Joint Effort Group in VQEG}, 
year={2011}, 
month={Sept}, 
pages={61-66}, 
keywords={video coding;JEG;VQEG;hybrid H.264/AVC;joint effort group;video quality assessment;video quality experts group;Databases;Joints;Measurement;Software tools;Streaming media;Video sequences;XML;H.264/AVC;VQEG Joint Effort Group;objective video quality metric;standardization;subjective video quality assessment}, 
doi={10.1109/QoMEX.2011.6065713},}

%history of objective video quality assessment.
@INPROCEEDINGS{6659332, 
author={Pinson, M.H. and Staelens, N. and Webster, A.}, 
booktitle={Multimedia Signal Processing (MMSP), 2013 IEEE 15th International Workshop on}, 
title={The history of video quality model validation}, 
year={2013}, 
month={Sept}, 
pages={458-463}, 
keywords={video codecs;video coding;ITU-T Study Group 12;digital video codecs;model validation techniques;video quality experts group;video quality model validation testing;HDTV;Multimedia communication;Quality assessment;Standards;Streaming media;Video recording}, 
doi={10.1109/MMSP.2013.6659332},}

%techniques for measuring QoS
@inproceedings{qosTechniques,
 author = {Kuipers, Fernando and Kooij, Robert and De Vleeschauwer, Danny and Brunnstr\"{o}m, Kjell},
 title = {Techniques for Measuring Quality of Experience},
 booktitle = {Proceedings of the 8th International Conference on Wired/Wireless Internet Communications},
 series = {WWIC'1},
 year = {2010},
 isbn = {3-642-13314-2, 978-3-642-13314-5},
 location = {Lule\&\#229;, Sweden},
 pages = {216-227},
 numpages = {12},
 url = {http://dx.doi.org/10.1007/978-3-642-13315-2_18},
 doi = {10.1007/978-3-642-13315-2_18},
 acmid = {2163720},
 publisher = {Springer-Verlag},
 address = {Berlin, Heidelberg},
}

 

% STANDARDS

% MOS description
@Misc{p800,
author = {International Telecommunication Union},
title = {ITU-T Recommendation P.800: Metods for subjective determination of transmission quality},
year = {2008},
url = {https://www.itu.int/rec/T-REC-J.247-200808-I/en},
}

%j.247 standard, including pevq model
@Misc{j.247,
author = {International Telecommunication Union},
title = {Objective perceptual multimedia video quality measurment in presence of a full reference},
year = {2008},
url = {https://www.itu.int/rec/T-REC-J.247-200808-I/en},
}

@Misc{T1A1.5,
author = {Coleen Jones and Ned Crow and Stephen Wolf and Arthur Webster},
publisher = {National Telecommunications and Information Administration - Institute for Telecommunication Sciences},
title = {Analysis of T1A1.5 Subjective and Objective Test Data},
Year = {1994},
url = {http://www.its.bldrdoc.gov/publications/2599.aspx},
}



% WEBPAGES

%link to libav about homepage
@Misc{libav,
Title = {Libav - About Libav},
Author = {Libav},
HowPublished = {\url{https://libav.org/}},
Note = {[Online; last checked 28.05.14]},
Keywords = {Libav},
}


%link to vlc home page
@Misc{vlc,
Title = {VideoLan Organization},
Author = {VideoLan},
HowPublished = {\url{http://www.videolan.org/}},
Note = {[Online; last checked 31.05.14]},
Keywords = {VideoLan, VLC},
}




